@inproceedings{AFLNet,
author={Van{-}Thuan Pham and Marcel B{\"o}hme and Abhik Roychoudhury},
title={AFLNet: A Greybox Fuzzer for Network Protocols},
booktitle={Proceedings of the 13rd IEEE International Conference on Software Testing, Verification and Validation : Testing Tools Track},
year={2020},}

@inproceedings{chatafl,
author={Ruijie Meng and Martin Mirchev and Marcel B\"{o}hme and Abhik Roychoudhury},
title={Large Language Model guided Protocol Fuzzing},
booktitle={Proceedings of the 31st Annual Network and Distributed System Security Symposium (NDSS)},
year={2024},}

@inproceedings{Fallaway,
author={Timme Bethe},
title={Fallaway: High Throughput Stateful Fuzzing By Making AFL* State-Aware},
year={2024},}

@inproceedings{profuzzbench,
title={ProFuzzBench: A Benchmark for Stateful Protocol Fuzzing},
author={Roberto Natella and Van-Thuan Pham},
booktitle={Proceedings of the 30th ACM SIGSOFT International Symposium on Software Testing and Analysis},
year={2021},}

@inproceedings{icissp23,
title={Evaluating the Fork-Awareness of Coverage-Guided Fuzzers},
author={Marcello Maugeri and Cristian Daniele and Giampaolo Bella and Erik Poll},
booktitle={Proceedings of the 9th International Conference on Information Systems Security and Privacy - ICISSP},
year={2023},}

@inproceedings{forkfuzz,
title={Forkfuzz: Leveraging the Fork-Awareness in Coverage-Guided Fuzzing},
author={Marcello Maugeri and Cristian Daniele and Giampaolo Bella},
booktitle={Computer Security. ESORICS 2023 International Workshops: CPS4CIP, ADIoT, SecAssure, WASP, TAURIN, PriST-AI, and SECAI, The Hague, The Netherlands, September 25--29, 2023, Revised Selected Papers, Part II},
year={2023},}

@inproceedings{driller,
author = {Stephens, Nick and Grosen, John and Salls, Christopher and Dutcher, Andrew and Wang, Ruoyu and Corbetta, Jacopo and Shoshitaishvili, Yan and Kruegel, Christopher and Vigna, Giovanni},
year = {2016},
title = {Driller: Augmenting Fuzzing Through Selective Symbolic Execution},}

@article{sage,
author = {Godefroid, P. and Levin, M.Y. and Molnar, D.},
year = {2012},
title = {SAGE: Whitebox fuzzing for security testing: SAGE has had a remarkable impact at Microsoft},}

@inproceedings{ossfuzz,
author = {Ding, Zhen Yu and Goues, Claire},
year = {2021},
title = {An Empirical Study of OSS-Fuzz Bugs},}

@article{statefulfuzzing,
author = {Daniele, Cristian and Andarzian, Seyed and Poll, Erik},
year = {2024},
title = {Fuzzers for Stateful Systems: Survey and Research Directions},}

@inproceedings{libafl,
author = {Fioraldi, Andrea and Maier, Dominik and Zhang, Dongjia and Balzarotti, Davide},
year = {2022},
title = {LibAFL: A Framework to Build Modular and Reusable Fuzzers},}